% !Mode:: "TeX:UTF-8"

@inbook{Lin1992,
  language   ="chinese",
  AUTHOR     = "林来兴",
  TITLE      = "空间控制技术",
  PUBLISHER  = "宇航出版社",
  YEAR       = "1992",
  Pages      = "25-42",
  ADDRESS    = "北京",
}

@book{xin1994,
  language={chinese},
  title={信息技术与信息服务国际研讨会论文集},
  author={辛希孟 and 中国科学院文献信息中心 and 孟广均 and 信息学},
  year={1994},
  publisher={中国社会科学出版社},
	pages={45-49},
	address={北京},
	typeoflit={C},
}

@book{zhao1998,
  language={chinese},
  title={新时代的工业工程师},
  author={赵耀东},
  year={1998},
	citedate =     {1998-09-26},
	address={台北},
  publisher={天下文化出版社},
	url={http://www.ie.nthu.edu.tw/info/ie.newie.htm(Big5)},
	typeoflit={M/OL},
}

@phdthesis{Chen1992,
   language   ="chinese",
   Author = {谌颖},
   Title = {空间最优交会控制理论与方法研究},
   ADDRESS    = "哈尔滨",
   School = {哈尔滨工业大学},
   Year = {1992},
   pages= {8-13},
}

@article{kanamori1998shaking,
  title={Shaking without Quaking},
  author={Kanamori, H.},
  journal={Science},
  volume={279},
  number={5359},
  pages={2063-2064},
  year={1998},
}

@article{mlot1998plant,
  title={Plant Biology in the Genome Era},
  author={Mlot, C.},
  journal={Science},
  volume={281},
  number={5375},
  pages={331-332},
  year={1998},
	citedate =     {1998-09-23},
	url={http://www.sciencemag.org/cgi/collection/anatmorp},
	typeoflit={J/OL},
}